@article{Wu2014,
  title     = {Highly robust running of articulated bipeds in unobserved terrain},
  doi       = {10.1109/IROS.2014.6942911},
  journal   = {IEEE International Conference on Intelligent Robots and Systems},
  author    = {Wu, Albert and Geyer, Hartmut},
  year      = {2014},
  month     = {Sept},
  pages     = {2558-2565}
}


@INPROCEEDINGS{Hutter2010,

  author={Hutter, Marco and Remy, C. David and HÃ¶pflinger, Mark A. and Siegwart, Roland},

  booktitle={2010 IEEE/RSJ International Conference on Intelligent Robots and Systems}, 

  title={SLIP running with an articulated robotic leg}, 

  year={2010},

  volume={},

  number={},

  pages={4934-4939},

  doi={10.1109/IROS.2010.5651461}}
